<record><leader>03450nam a2200421 i 4500</leader><controlfield tag="001">6748944</controlfield><controlfield tag="003">FlBoTFG</controlfield><controlfield tag="005">20141121161956.0</controlfield><controlfield tag="006">m|||||o||d||||||||</controlfield><controlfield tag="007">cr||||</controlfield><controlfield tag="008">141121t20152015fluad   ob    001 0 eng d</controlfield><datafield ind1=" " ind2=" " tag="020"><subfield code="a">9781466597952 (e-book : PDF)</subfield></datafield><datafield ind1=" " ind2=" " tag="035"><subfield code="a">ocn896849635</subfield></datafield><datafield ind1=" " ind2=" " tag="039"><subfield code="a">exclude</subfield></datafield><datafield ind1=" " ind2=" " tag="040"><subfield code="a">FlBoTFG</subfield><subfield code="b">eng</subfield><subfield code="c">FlBoTFG</subfield><subfield code="e">rda</subfield><subfield code="d">AEU</subfield></datafield><datafield ind1=" " ind2="4" tag="050"><subfield code="a">TX531</subfield><subfield code="b">.F56824 2014</subfield></datafield><datafield ind1=" " ind2=" " tag="090"><subfield code="a">Internet Access</subfield><subfield code="b">AEU</subfield></datafield><datafield ind1="0" ind2="0" tag="245"><subfield code="a">Food safety chemistry :</subfield><subfield code="b">toxicant occurrence, analysis and mitigation /</subfield><subfield code="c">edited by Liangli (Lucy) Yu, Shuo Wang, Bao-Guo Sun.</subfield></datafield><datafield ind1=" " ind2="1" tag="264"><subfield code="a">Boca Raton :</subfield><subfield code="b">CRC Press,</subfield><subfield code="c">[2015]</subfield></datafield><datafield ind1=" " ind2="4" tag="264"><subfield code="c">&#169;2015</subfield></datafield><datafield ind1=" " ind2=" " tag="300"><subfield code="a">1 online resource.</subfield></datafield><datafield ind1=" " ind2=" " tag="336"><subfield code="a">text</subfield><subfield code="2">rdacontent</subfield></datafield><datafield ind1=" " ind2=" " tag="337"><subfield code="a">computer</subfield><subfield code="2">rdamedia</subfield></datafield><datafield ind1=" " ind2=" " tag="338"><subfield code="a">online resource</subfield><subfield code="2">rdacarrier</subfield></datafield><datafield ind1=" " ind2=" " tag="504"><subfield code="a">Includes bibliographical references and index.</subfield></datafield><datafield ind1="0" ind2=" " tag="505"><subfield code="a">Food safety chemistry : an overview / Haiqiu Huang and Liangli (Lucy) Yu -- Chemistry and safety of acrylamide / Yu Zhang and Xinyu Chen -- Biological and chemical activities of Furan / Takayuki Shibamoto -- Maillard reaction products II : reactive dicarbonyl compounds and advanced glycation end products / Yen-Chen Tung, Xi Shao and Chi-Tang Ho -- Chemistry and safety of Maillard reaction products III : heterocyclic amines and amino acid derivatives / Ka-Wing Cheng, Xin-Chen Zhang and Ming-Fu Wang -- Chemistry and safety of 3-MCPD / Zi Teng and Qin Wang -- 3-MCPD fatty acid esters : chemistry, safety, and technological approaches for their reductions / Ram Chandra Reddy Jala [and five others] -- Trans fatty acids / Hongyan Li [and four others] -- Application of vibrational spectroscopy, portable detectors, and hyphenated techniques to the analysis of heat-induced changes in oil and food constituents / Magdi M. Mossoba, Didem Peren Aykas and Luis Rodriguez-Saona -- Chemistry and safety of mycotoxins in food / Junping Wang, Gang Xie and Shuo Wang -- Chemicals and safety of chemical contaminants in seafood / Pierina Visciano -- Chemical contaminants in meat products / Yao Tang, Xihong Li, Bing Zhang and Rong Tsao -- Chemistry and safety of food additives / Jing Wang and Baoguo Sun -- Chemistry and safety of melamine and its analogs / Jeffrey C. Moore -- Toxins in foods of plant origin / Bing Zhang, Zeyuan Deng, Yao Tang and Rong Tsao.</subfield></datafield><datafield ind1=" " ind2=" " tag="520"><subfield code="a">"This edited book is a comprehensive guide to the chemistry of food toxicants produced during processing, formulation, and storage of food. Each major food chemical contaminant will be discussed for toxic effects and the biological mechanisms behind their toxicity. Their absorption and distribution profiles and the factors influencing their levels in foods will be discussed. In addition, a listing of commonly used analytical techniques in food safety chemistry will make the book useful for food scientists and nutritionists"--</subfield><subfield code="c">Provided by publisher.</subfield></datafield><datafield ind1=" " ind2=" " tag="596"><subfield code="a">44</subfield></datafield><datafield ind1=" " ind2="0" tag="650"><subfield code="a">Food adulteration and inspection.</subfield></datafield><datafield ind1=" " ind2="0" tag="650"><subfield code="a">Food contamination.</subfield></datafield><datafield ind1=" " ind2="0" tag="650"><subfield code="a">Food</subfield><subfield code="x">Analysis.</subfield></datafield><datafield ind1=" " ind2="0" tag="650"><subfield code="a">Food</subfield><subfield code="x">Microbiology.</subfield></datafield><datafield ind1="1" ind2=" " tag="700"><subfield code="a">Yu, Liangli,</subfield><subfield code="e">editor.</subfield></datafield><datafield ind1="1" ind2=" " tag="700"><subfield code="a">Wang, Shuo,</subfield><subfield code="d">1969-</subfield><subfield code="e">editor.</subfield></datafield><datafield ind1="1" ind2=" " tag="700"><subfield code="a">Sun, Baoguo,</subfield><subfield code="d">1961-</subfield><subfield code="e">editor.</subfield></datafield><datafield ind1="4" ind2="0" tag="856"><subfield code="3">University of Alberta Access</subfield><subfield code="u">http://marc.crcnetbase.com/isbn/9781466597952</subfield><subfield code="z">(Unlimited Concurrent Users)</subfield></datafield><datafield ind1=" " ind2=" " tag="949"><subfield code="h">UAIN</subfield><subfield code="z">CRC</subfield></datafield><datafield ind1=" " ind2=" " tag="926"><subfield code="a">Internet Access</subfield><subfield code="w">LC</subfield><subfield code="c">1</subfield><subfield code="i">6748944-1001</subfield><subfield code="l">INTERNET</subfield><subfield code="m">UAINTERNET</subfield><subfield code="r">Y</subfield><subfield code="s">Y</subfield><subfield code="t">E-RESOURCE</subfield><subfield code="u">12/2/2014</subfield><subfield code="x">E-BOOK</subfield><subfield code="z">CRC</subfield></datafield></record>